%% This BibTeX bibliography file was created using BibDesk.
%% http://bibdesk.sourceforge.net/


%% Created for Thomas Boulier at 2011-12-09 12:07:23 +0100 


%% Saved with string encoding Unicode (UTF-8) 



@book{kato1976perturbation,
	Address = {Berlin},
	Author = {Kato, Tosio},
	Date-Added = {2011-12-09 12:07:06 +0100},
	Date-Modified = {2011-12-09 12:07:20 +0100},
	Edition = {Second},
	Mrclass = {47-XX},
	Mrnumber = {0407617 (53 \#11389)},
	Note = {Grundlehren der Mathematischen Wissenschaften, Band 132},
	Pages = {xxi+619},
	Publisher = {Springer-Verlag},
	Title = {Perturbation theory for linear operators},
	Year = {1976},
	Bdsk-Url-1 = {http://www.ams.org/mathscinet-getitem?mr=0407617}}

@article{mosher1999source,
	Author = {Mosher, J.C. and Leahy, R.M.},
	Date-Added = {2011-12-02 18:48:45 +0100},
	Date-Modified = {2011-12-02 18:48:45 +0100},
	Journal = {Signal Processing, IEEE Transactions on},
	Number = {2},
	Pages = {332--340},
	Publisher = {IEEE},
	Title = {Source localization using recursively applied and projected (RAP) MUSIC},
	Volume = {47},
	Year = {1999}}

@article{bruhl2003direct,
	Author = {Br{{\"u}}hl, Martin and Hanke, Martin and Vogelius, Michael S.},
	Coden = {NUMMA7},
	Date-Added = {2011-11-29 17:23:23 +0100},
	Date-Modified = {2011-11-29 17:23:46 +0100},
	Doi = {10.1007/s002110200409},
	Fjournal = {Numerische Mathematik},
	Issn = {0029-599X},
	Journal = {Numer. Math.},
	Mrclass = {65N21 (35C20 35R30)},
	Mrnumber = {1961882 (2004b:65169)},
	Mrreviewer = {Mohamed B. Jaoua},
	Number = {4},
	Pages = {635--654},
	Title = {A direct impedance tomography algorithm for locating small inhomogeneities},
	Url = {http://dx.doi.org/10.1007/s002110200409},
	Volume = {93},
	Year = {2003},
	Bdsk-Url-1 = {http://www.ams.org/mathscinet-getitem?mr=1961882}}

@book{nedelec2001acoustic,
	Address = {New York},
	Author = {N{{\'e}}d{{\'e}}lec, Jean-Claude},
	Date-Added = {2011-11-24 11:09:43 +0100},
	Date-Modified = {2011-11-24 11:09:54 +0100},
	Isbn = {0-387-95155-5},
	Mrclass = {35-02 (35C15 35J05 35Q60 45H05 78A25)},
	Mrnumber = {1822275 (2002c:35003)},
	Mrreviewer = {Rainer Picard},
	Note = {Integral representations for harmonic problems},
	Pages = {x+316},
	Publisher = {Springer-Verlag},
	Series = {Applied Mathematical Sciences},
	Title = {Acoustic and electromagnetic equations},
	Volume = {144},
	Year = {2001},
	Bdsk-Url-1 = {http://www.ams.org/mathscinet-getitem?mr=1822275}}

@book{steinbach2008numerical,
	Author = {Steinbach, O.},
	Date-Added = {2011-09-29 10:47:06 +0200},
	Date-Modified = {2011-09-29 10:47:06 +0200},
	Publisher = {Springer Verlag},
	Title = {Numerical approximation methods for elliptic boundary value problems: finite and boundary elements},
	Year = {2008}}

@article{nedelec1982integral,
	Author = {Nedelec, JC},
	Date-Added = {2011-09-29 10:37:51 +0200},
	Date-Modified = {2011-09-29 10:37:51 +0200},
	Journal = {Integral equations and operator theory},
	Number = {1},
	Pages = {562--572},
	Publisher = {Springer},
	Title = {Integral equations with non integrable kernels},
	Volume = {5},
	Year = {1982}}

@article{devaney2004super,
	Author = {Devaney, A.J.},
	Date-Added = {2011-09-28 11:37:02 +0200},
	Date-Modified = {2011-09-28 11:37:02 +0200},
	Journal = {J. Acoust. Soc. Am},
	Title = {Super-resolution processing of multi-static data using time reversal and MUSIC},
	Year = {2004}}

@article{schmidt1986multiple,
	Author = {Schmidt, R.},
	Date-Added = {2011-09-28 11:34:50 +0200},
	Date-Modified = {2011-09-28 11:34:50 +0200},
	Journal = {Antennas and Propagation, IEEE Transactions on},
	Number = {3},
	Pages = {276--280},
	Publisher = {IEEE},
	Title = {Multiple emitter location and signal parameter estimation},
	Volume = {34},
	Year = {1986}}

@article{cedio1998identification,
	Author = {Cedio-Fengya, DJ and Moskow, S. and Vogelius, MS},
	Date-Added = {2011-09-28 10:34:41 +0200},
	Date-Modified = {2011-09-28 10:34:41 +0200},
	Journal = {Inverse Problems},
	Pages = {553},
	Publisher = {IOP Publishing},
	Title = {Identification of conductivity imperfections of small diameter by boundary measurements. Continuous dependence and computational reconstruction},
	Volume = {14},
	Year = {1998}}

@book{ammari2004reconstruction,
	Author = {Ammari, H. and Kang, H.},
	Date-Added = {2011-09-28 10:32:51 +0200},
	Date-Modified = {2011-09-28 10:32:51 +0200},
	Number = {1846},
	Publisher = {Springer Verlag},
	Title = {Reconstruction of small inhomogeneities from boundary measurements},
	Year = {2004}}

@article{scholz2002towards,
	Author = {Scholz, B.},
	Date-Added = {2011-09-26 10:28:33 +0200},
	Date-Modified = {2011-09-26 10:28:33 +0200},
	Journal = {Medical Imaging, IEEE Transactions on},
	Number = {6},
	Pages = {588--595},
	Publisher = {IEEE},
	Title = {Towards virtual electrical breast biopsy: space-frequency MUSIC for trans-admittance data},
	Volume = {21},
	Year = {2002}}

@article{zakon1986electroreceptive,
	Author = {Zakon, H.H.},
	Date-Added = {2011-09-23 10:56:41 +0200},
	Date-Modified = {2011-09-23 10:56:41 +0200},
	Journal = {Electroreception. Wiley, New York},
	Pages = {103--156},
	Title = {The electroreceptive periphery},
	Year = {1986}}

@article{scheich1973coding,
	Author = {Scheich, H. and Bullock, T.H. and Hamstra, RH},
	Date-Added = {2011-09-23 10:56:09 +0200},
	Date-Modified = {2011-09-23 10:56:09 +0200},
	Journal = {Journal of Neurophysiology},
	Number = {1},
	Pages = {39},
	Publisher = {Am Physiological Soc},
	Title = {Coding properties of two classes of afferent nerve fibers: high-frequency electroreceptors in the electric fish, Eigenmannia},
	Volume = {36},
	Year = {1973}}

@article{maciver2001prey,
	Author = {MacIver, M.A. and Sharabash, N.M. and Nelson, M.E.},
	Date-Added = {2011-09-23 10:55:30 +0200},
	Date-Modified = {2011-09-23 10:55:30 +0200},
	Journal = {Journal of Experimental Biology},
	Number = {3},
	Pages = {543},
	Publisher = {Company of Biologists},
	Title = {Prey-capture behavior in gymnotid electric fish: motion analysis and effects of water conductivity},
	Volume = {204},
	Year = {2001}}

@article{bell1976electric,
	Author = {Bell, CC and Bradbury, J. and Russell, CJ},
	Date-Added = {2011-09-23 10:53:31 +0200},
	Date-Modified = {2011-09-23 10:53:31 +0200},
	Journal = {Journal of Comparative Physiology A: Neuroethology, Sensory, Neural, and Behavioral Physiology},
	Number = {1},
	Pages = {65--88},
	Publisher = {Springer},
	Title = {The electric organ of a mormyrid as a current and voltage source},
	Volume = {110},
	Year = {1976}}

@article{assad1998electric,
	Author = {Assad, C. and Rasnow, B. and Stoddard, PK and Bower, JM},
	Date-Added = {2011-09-23 10:51:38 +0200},
	Date-Modified = {2011-09-23 10:51:38 +0200},
	Journal = {Journal of Comparative Physiology A: Neuroethology, Sensory, Neural, and Behavioral Physiology},
	Number = {4},
	Pages = {419--432},
	Publisher = {Springer},
	Title = {The electric organ discharges of the gymnotiform fishes: II. Eigenmannia},
	Volume = {183},
	Year = {1998}}

@article{stoddard1999electric,
	Author = {Stoddard, PK and Rasnow, B. and Assad, C.},
	Date-Added = {2011-09-23 10:51:34 +0200},
	Date-Modified = {2011-09-23 10:51:34 +0200},
	Journal = {Journal of Comparative Physiology A: Neuroethology, Sensory, Neural, and Behavioral Physiology},
	Number = {6},
	Pages = {609--630},
	Publisher = {Springer},
	Title = {Electric organ discharges of the gymnotiform fishes: III. Brachyhypopomus},
	Volume = {184},
	Year = {1999}}

@inproceedings{rasnow1989simulation,
	Author = {Rasnow, B. and Assad, C. and Nelson, M.E. and Bower, J.M.},
	Booktitle = {Advances in neural information processing systems 1},
	Date-Added = {2011-09-09 11:42:55 +0200},
	Date-Modified = {2011-09-09 11:42:55 +0200},
	Organization = {Morgan Kaufmann Publishers Inc.},
	Pages = {436--443},
	Title = {Simulation and measurement of the electric fields generated by weakly electric fish},
	Year = {1989}}

@article{migliaro2005theoretical,
	Author = {Migliaro, A. and Caputi, A.A. and Budelli, R.},
	Date-Added = {2011-09-09 11:42:28 +0200},
	Date-Modified = {2011-09-09 11:42:28 +0200},
	Journal = {PLoS computational biology},
	Number = {2},
	Pages = {e16},
	Publisher = {Public Library of Science},
	Title = {Theoretical analysis of pre-receptor image conditioning in weakly electric fish},
	Volume = {1},
	Year = {2005}}

@phdthesis{maciver2001computational,
	Author = {Maciver, M.A.},
	Date-Added = {2011-09-09 11:41:58 +0200},
	Date-Modified = {2011-09-09 11:41:58 +0200},
	School = {Citeseer},
	Title = {The computational neuroethology of weakly electric fish: body modeling, motion analysis, and sensory signal estimation},
	Year = {2001}}

@article{chen2005modeling,
	Author = {Chen, L. and House, J.L. and Krahe, R. and Nelson, M.E.},
	Date-Added = {2011-09-09 11:40:43 +0200},
	Date-Modified = {2011-09-09 11:40:43 +0200},
	Journal = {Journal of Comparative Physiology A: Neuroethology, Sensory, Neural, and Behavioral Physiology},
	Number = {4},
	Pages = {331--345},
	Publisher = {Springer},
	Title = {Modeling signal and background components of electrosensory scenes},
	Volume = {191},
	Year = {2005}}

@article{caputi1998electric,
	Author = {Caputi, AA and Budelli, R. and Grant, K. and Bell, CC},
	Date-Added = {2011-09-09 11:39:57 +0200},
	Date-Modified = {2011-09-09 11:39:57 +0200},
	Journal = {Journal of experimental biology},
	Number = {14},
	Pages = {2115},
	Publisher = {Company of Biologists},
	Title = {The electric image in weakly electric fish: physical images of resistive objects in Gnathonemus petersii.},
	Volume = {201},
	Year = {1998}}

@article{budelli2000electric,
	Author = {Budelli, R. and Caputi, A.A.},
	Date-Added = {2011-09-09 11:39:31 +0200},
	Date-Modified = {2011-09-09 11:39:31 +0200},
	Journal = {Journal of Experimental Biology},
	Number = {3},
	Pages = {481},
	Publisher = {Company of Biologists},
	Title = {The electric image in weakly electric fish: perception of objects of complex impedance},
	Volume = {203},
	Year = {2000}}

@article{babineau2006modeling,
	Author = {Babineau, D. and Longtin, A. and Lewis, J.E.},
	Date-Added = {2011-09-09 11:38:31 +0200},
	Date-Modified = {2011-09-09 11:38:31 +0200},
	Journal = {Journal of experimental biology},
	Number = {18},
	Pages = {3636},
	Publisher = {Company of Biologists},
	Title = {Modeling the electric field of weakly electric fish},
	Volume = {209},
	Year = {2006}}

@article{assad1997electric,
	Author = {Assad, C.},
	Date-Added = {2011-09-09 11:17:06 +0200},
	Date-Modified = {2011-09-09 11:17:06 +0200},
	Title = {Electric field maps and boundary element simulations of electrolocation in weakly electric fish},
	Year = {1997}}

@inproceedings{assad1990hypercube,
	Author = {Williams, R. and Rasnow, B. and Assad, C.},
	Booktitle = {Proc. DMCC5 (Distributed Memory Computing Conference), Charleston, SC},
	Date-Added = {2011-09-09 11:15:33 +0200},
	Date-Modified = {2011-09-09 11:15:47 +0200},
	Organization = {Citeseer},
	Title = {Hypercube Simulation of Electric Fish Potentials},
	Year = {1990}}

@article{hoshimiya1980theapteronotus,
	Author = {Hoshimiya, N. and Shogen, K. and Matsuo, T. and Chichibu, S.},
	Date-Added = {2011-09-09 11:05:51 +0200},
	Date-Modified = {2011-09-09 11:05:51 +0200},
	Journal = {Journal of Comparative Physiology A: Neuroethology, Sensory, Neural, and Behavioral Physiology},
	Number = {4},
	Pages = {283--290},
	Publisher = {Springer},
	Title = {TheApteronotus EOD field: Waveform and EOD field simulation},
	Volume = {135},
	Year = {1980}}

@article{heiligenberg1975theoretical,
	Author = {Heiligenberg, W.},
	Date-Added = {2011-09-09 11:05:02 +0200},
	Date-Modified = {2011-09-09 11:05:02 +0200},
	Journal = {Journal of Comparative Physiology A: Neuroethology, Sensory, Neural, and Behavioral Physiology},
	Number = {3},
	Pages = {247--272},
	Publisher = {Springer},
	Title = {Theoretical and experimental approaches to spatial aspects of electrolocation},
	Volume = {103},
	Year = {1975}}

@book{moller1995,
	Author = {Peter Moller},
	Date-Added = {2011-09-08 11:25:11 +0200},
	Date-Modified = {2011-09-09 10:47:12 +0200},
	Publisher = {Chapman and Hall, London},
	Title = {Electric fish: history and behavior},
	Year = {1995}}

@article{bacher1983new,
	Author = {Bacher, M.},
	Date-Added = {2011-09-08 11:21:13 +0200},
	Date-Modified = {2011-09-08 11:21:13 +0200},
	Journal = {Biological Cybernetics},
	Number = {1},
	Pages = {51--58},
	Publisher = {Springer},
	Title = {A new method for the simulation of electric fields, generated by electric fish, and their distorsions by objects},
	Volume = {47},
	Year = {1983}}

@book{vanRienen2001,
	Address = {Berlin},
	Author = {van Rienen, Ursula},
	Date-Added = {2011-09-08 10:58:02 +0200},
	Date-Modified = {2011-09-08 10:58:18 +0200},
	Isbn = {3-540-67629-5},
	Mrclass = {78Mxx (65F05 65F10 78-02)},
	Mrnumber = {1790270 (2001m:78032)},
	Mrreviewer = {Jin Yun Yuan},
	Note = {Linear systems in practical applications},
	Pages = {xiv+375},
	Publisher = {Springer-Verlag},
	Series = {Lecture Notes in Computational Science and Engineering},
	Title = {Numerical methods in computational electrodynamics},
	Volume = {12},
	Year = {2001},
	Bdsk-Url-1 = {http://www.ams.org/mathscinet-getitem?mr=1790270}}

@article{von2007distance,
	Author = {von der Emde, G. and Fetz, S.},
	Date-Added = {2011-09-07 11:45:45 +0200},
	Date-Modified = {2011-09-07 11:45:45 +0200},
	Journal = {Journal of Experimental Biology},
	Number = {17},
	Pages = {3082},
	Publisher = {Company of Biologists},
	Title = {Distance, shape and more: recognition of object features during active electrolocation in a weakly electric fish},
	Volume = {210},
	Year = {2007}}

@article{von1999active,
	Author = {Von der Emde, G.},
	Date-Added = {2011-09-07 11:44:07 +0200},
	Date-Modified = {2011-09-07 11:44:07 +0200},
	Journal = {Journal of experimental biology},
	Number = {10},
	Pages = {1205},
	Publisher = {Company of Biologists},
	Title = {Active electrolocation of objects in weakly electric fish},
	Volume = {202},
	Year = {1999}}

@article{von1993electric,
	Author = {Von der Emde, G. and Schwarz, S. and Gomez, L. and Budelli, R. and Grant, K.},
	Date-Added = {2011-09-07 11:41:20 +0200},
	Date-Modified = {2011-09-07 11:41:20 +0200},
	Journal = {Science},
	Pages = {1617--1623},
	Title = {Electric fish measure distance in the dark},
	Volume = {260},
	Year = {1993}}

@article{lissmann1958mechanism,
	Author = {Lissmann, HW and Machin, KE},
	Date-Added = {2011-09-07 10:57:45 +0200},
	Date-Modified = {2011-09-07 10:57:45 +0200},
	Journal = {Journal of Experimental Biology},
	Number = {2},
	Pages = {451},
	Publisher = {Company of Biologists},
	Title = {The mechanism of object location in Gymnarchus niloticus and similar fish},
	Volume = {35},
	Year = {1958}}

@book{taylor1,
	Address = {New York},
	Author = {Taylor, Michael E.},
	Date-Added = {2010-12-16 16:59:01 +0100},
	Date-Modified = {2010-12-16 16:59:19 +0100},
	Isbn = {0-387-94653-5},
	Mrclass = {35-01 (46N20 47N20 58Gxx)},
	Mrnumber = {1395148 (98b:35002b)},
	Mrreviewer = {Luigi Rodino},
	Note = {Basic theory},
	Pages = {xxiv+563},
	Publisher = {Springer-Verlag},
	Series = {Applied Mathematical Sciences},
	Title = {Partial differential equations. {I}},
	Volume = {115},
	Year = {1996},
	Bdsk-Url-1 = {http://www.ams.org/mathscinet-getitem?mr=1395148}}

@article{crisoforis2004,
	Author = {Lanza de Cristoforis, Massimo and Rossi, Lucia},
	Date-Added = {2010-12-15 18:17:13 +0100},
	Date-Modified = {2010-12-15 18:17:40 +0100},
	Doi = {10.1216/jiea/1181075272},
	Fjournal = {Journal of Integral Equations and Applications},
	Issn = {0897-3962},
	Journal = {J. Integral Equations Appl.},
	Mrclass = {31B10 (47B38 47H30)},
	Mrnumber = {2100384 (2006f:31006)},
	Mrreviewer = {Dorina I. Mitrea},
	Number = {2},
	Pages = {137--174},
	Title = {Real analytic dependence of simple and double layer potentials upon perturbation of the support and of the density},
	Url = {http://dx.doi.org/10.1216/jiea/1181075272},
	Volume = {16},
	Year = {2004},
	Bdsk-Url-1 = {http://www.ams.org/mathscinet-getitem?mr=2100384}}

@article{kang1996,
	Author = {Kang, Hyeonbae and Seo, Jin Keun},
	Coden = {INPEEY},
	Date-Added = {2010-12-15 17:18:25 +0100},
	Date-Modified = {2010-12-15 17:18:38 +0100},
	Doi = {10.1088/0266-5611/12/3/007},
	Fjournal = {Inverse Problems. An International Journal on the Theory and Practice of Inverse Problems, Inverse Methods and Computerized Inversion of Data},
	Issn = {0266-5611},
	Journal = {Inverse Problems},
	Mrclass = {35R30 (35J25)},
	Mrnumber = {1391539 (97d:35242)},
	Mrreviewer = {Elsayed Mohamed E. Zayed},
	Number = {3},
	Pages = {267--278},
	Title = {The layer potential technique for the inverse conductivity problem},
	Url = {http://dx.doi.org/10.1088/0266-5611/12/3/007},
	Volume = {12},
	Year = {1996},
	Bdsk-Url-1 = {http://www.ams.org/mathscinet-getitem?mr=1391539}}

@article{escauriaza1992,
	Author = {Escauriaza, L. and Fabes, E. B. and Verchota, G.},
	Coden = {PAMYAR},
	Date-Added = {2010-12-15 17:08:11 +0100},
	Date-Modified = {2010-12-15 17:14:11 +0100},
	Doi = {10.2307/2159357},
	Fjournal = {Proceedings of the American Mathematical Society},
	Issn = {0002-9939},
	Journal = {Proc. Amer. Math. Soc.},
	Mrclass = {35B65 (35J15)},
	Mrnumber = {1092919 (92j:35020)},
	Mrreviewer = {B. Hellwig},
	Number = {4},
	Pages = {1069--1076},
	Title = {On a regularity theorem for weak solutions to transmission problems with internal {L}ipschitz boundaries},
	Url = {http://dx.doi.org/10.2307/2159357},
	Volume = {115},
	Year = {1992},
	Bdsk-Url-1 = {http://www.ams.org/mathscinet-getitem?mr=1092919}}

@article{verchota1984,
	Author = {Verchota, Gregory},
	Coden = {JFUAAW},
	Date-Added = {2010-12-15 17:07:16 +0100},
	Date-Modified = {2010-12-15 17:07:27 +0100},
	Doi = {10.1016/0022-1236(84)90066-1},
	Fjournal = {Journal of Functional Analysis},
	Issn = {0022-1236},
	Journal = {J. Funct. Anal.},
	Mrclass = {35J05 (31A25)},
	Mrnumber = {769382 (86e:35038)},
	Mrreviewer = {Yves Meyer},
	Number = {3},
	Pages = {572--611},
	Title = {Layer potentials and regularity for the {D}irichlet problem for {L}aplace's equation in {L}ipschitz domains},
	Url = {http://dx.doi.org/10.1016/0022-1236(84)90066-1},
	Volume = {59},
	Year = {1984},
	Bdsk-Url-1 = {http://www.ams.org/mathscinet-getitem?mr=769382}}

@book{allaire2007numerical,
	Address = {Oxford},
	Author = {Allaire, Gr{{\'e}}goire},
	Date-Added = {2010-12-14 11:44:09 +0100},
	Date-Modified = {2010-12-14 11:45:22 +0100},
	Isbn = {978-0-19-920522-6},
	Mrclass = {65-01 (41-01 90-01)},
	Mrnumber = {2326223 (2008i:65001)},
	Mrreviewer = {Chris Arney},
	Pages = {xvi+455},
	Publisher = {Oxford University Press},
	Series = {Numerical Mathematics and Scientific Computation},
	Title = {Numerical analysis and optimization},
	Year = {2007},
	Bdsk-Url-1 = {http://www.ams.org/mathscinet-getitem?mr=2326223}}

@phdthesis{zribilayer,
	Author = {Zribi, H.},
	Date-Added = {2010-12-13 12:17:56 +0100},
	Date-Modified = {2010-12-13 12:18:37 +0100},
	School = {Ecole Polytechnique},
	Title = {{La M{\'e}thode des {\'E}quations Int{\'e}grales pour des Analyses de Sensitivit{\'e}.}},
	Year = {2005}}

@article{ammari2010conductivity,
	Author = {Ammari, H. and Kang, H. and Lim, M. and Zribi, H.},
	Date-Added = {2010-12-13 12:13:45 +0100},
	Date-Modified = {2010-12-14 11:42:31 +0100},
	Journal = {American Mathematical Society},
	Number = {5},
	Pages = {2435--2449},
	Title = {Conductivity interface problems. Part I: small perturbations of an interface},
	Volume = {362},
	Year = {2010}}

@book{ammari2007polarization,
	Author = {Ammari, H. and Kang, H.},
	Date-Added = {2010-12-13 12:13:20 +0100},
	Date-Modified = {2010-12-13 12:13:20 +0100},
	Isbn = {0387715657},
	Publisher = {Springer Verlag},
	Title = {Polarization and moment tensors: with applications to inverse problems and effective medium theory},
	Year = {2007},
	Bdsk-File-1 = {YnBsaXN0MDDUAQIDBAUIJidUJHRvcFgkb2JqZWN0c1gkdmVyc2lvblkkYXJjaGl2ZXLRBgdUcm9vdIABqAkKFRYXGyIjVSRudWxs0wsMDQ4RFFpOUy5vYmplY3RzV05TLmtleXNWJGNsYXNzog8QgASABqISE4ACgAOAB1lhbGlhc0RhdGFccmVsYXRpdmVQYXRo0hgNGRpXTlMuZGF0YU8RAeoAAAAAAeoAAgAADE1hY2ludG9zaCBIRAAAAAAAAAAAAAAAAAAAAMgILv9IKwAAABaYyw8yMDA3IEFtbWFyaS5QREYAAAAAAAAAAAAAAAAAAAAAAAAAAAAAAAAAAAAAAAAAAAAAAAAAAAAAAAAAAAAAAAAAFpjNyOIz5QAAAAAAAAAAAAUABwAACSAAAAAAAAAAAAAAAAAAAAAGQW1tYXJpABAACAAAyAgS3wAAABEACAAAyOIXxQAAAAEAIAAWmMsAFpjKABaYjwAWitsACKJnAAiiZQAIof0AAJOWAAIAYE1hY2ludG9zaCBIRDpVc2Vyczpib3VsaWVyOkxpYnJhcnk6QXBwbGljYXRpb24gU3VwcG9ydDpQYXBlcnMyOkJvb2tzOjIwMDc6QW1tYXJpOjIwMDcgQW1tYXJpLlBERgAOACAADwAyADAAMAA3ACAAQQBtAG0AYQByAGkALgBQAEQARgAPABoADABNAGEAYwBpAG4AdABvAHMAaAAgAEgARAASAFNVc2Vycy9ib3VsaWVyL0xpYnJhcnkvQXBwbGljYXRpb24gU3VwcG9ydC9QYXBlcnMyL0Jvb2tzLzIwMDcvQW1tYXJpLzIwMDcgQW1tYXJpLlBERgAAEwABLwAAFQACAA7//wAAgAXSHB0eH1gkY2xhc3Nlc1okY2xhc3NuYW1lox8gIV1OU011dGFibGVEYXRhVk5TRGF0YVhOU09iamVjdF8QVC4uLy4uLy4uLy4uLy4uL0xpYnJhcnkvQXBwbGljYXRpb24gU3VwcG9ydC9QYXBlcnMyL0Jvb2tzLzIwMDcvQW1tYXJpLzIwMDcgQW1tYXJpLlBERtIcHSQloiUhXE5TRGljdGlvbmFyeRIAAYagXxAPTlNLZXllZEFyY2hpdmVyAAgAEQAWAB8AKAAyADUAOgA8AEUASwBSAF0AZQBsAG8AcQBzAHYAeAB6AHwAhgCTAJgAoAKOApAClQKeAqkCrQK7AsICywMiAycDKgM3AzwAAAAAAAACAQAAAAAAAAAoAAAAAAAAAAAAAAAAAAADTg==}}

@book{ammarikang2009,
	Address = {Providence, RI},
	Author = {Ammari, Habib and Kang, Hyeonbae and Lee, Hyundae},
	Date-Added = {2010-11-08 15:22:37 +0100},
	Date-Modified = {2011-09-08 10:58:38 +0200},
	Isbn = {978-0-8218-4784-8},
	Mrclass = {47F05 (35P20 35R30 47A10 49Q12 49R05 74G99 74H45)},
	Mrnumber = {2488135 (2010j:47062)},
	Mrreviewer = {Vitaly A. Volpert},
	Pages = {vi+202},
	Publisher = {American Mathematical Society},
	Series = {Mathematical Surveys and Monographs},
	Title = {Layer potential techniques in spectral analysis},
	Volume = {153},
	Year = {2009},
	Bdsk-File-1 = {YnBsaXN0MDDUAQIDBAUIJidUJHRvcFgkb2JqZWN0c1gkdmVyc2lvblkkYXJjaGl2ZXLRBgdUcm9vdIABqAkKFRYXGyIjVSRudWxs0wsMDQ4RFFpOUy5vYmplY3RzV05TLmtleXNWJGNsYXNzog8QgASABqISE4ACgAOAB1lhbGlhc0RhdGFccmVsYXRpdmVQYXRo0hgNGRpXTlMuZGF0YU8RAiwAAAAAAiwAAgAADE1hY2ludG9zaCBIRAAAAAAAAAAAAAAAAAAAAMgILv9IKwAAAAiiGR9MYXllciBQb3RlbnRpYWwgVGVjaCMxNjk4OTIucGRmAAAAAAAAAAAAAAAAAAAAAAAAAAAAAAAAAAAAAAAAAAAAFpiSyP2EtwAAAAAAAAAAAAMAAgAACSAAAAAAAAAAAAAAAAAAAAANQmlibGlvZ3JhcGhpZQAAEAAIAADICBLfAAAAEQAIAADI/XanAAAAAQAUAAiiGQASq9UAEqlGAAih/QAAk5YAAgBVTWFjaW50b3NoIEhEOlVzZXJzOmJvdWxpZXI6RHJvcGJveDpXb3JrOkJpYmxpb2dyYXBoaWU6TGF5ZXIgUG90ZW50aWFsIFRlY2gjMTY5ODkyLnBkZgAADgBoADMATABhAHkAZQByACAAUABvAHQAZQBuAHQAaQBhAGwAIABUAGUAYwBoAG4AaQBxAHUAZQBzACAAaQBuACAAUwBwAGUAYwB0AHIAYQBsACAAQQBuAGEAbAB5AHMAaQBzAC4AcABkAGYADwAaAAwATQBhAGMAaQBuAHQAbwBzAGgAIABIAEQAEgBcVXNlcnMvYm91bGllci9Ecm9wYm94L1dvcmsvQmlibGlvZ3JhcGhpZS9MYXllciBQb3RlbnRpYWwgVGVjaG5pcXVlcyBpbiBTcGVjdHJhbCBBbmFseXNpcy5wZGYAEwABLwAAFQACAA7//wAAgAXSHB0eH1gkY2xhc3Nlc1okY2xhc3NuYW1lox8gIV1OU011dGFibGVEYXRhVk5TRGF0YVhOU09iamVjdF8QSi4uLy4uLy4uL0JpYmxpb2dyYXBoaWUvTGF5ZXIgUG90ZW50aWFsIFRlY2huaXF1ZXMgaW4gU3BlY3RyYWwgQW5hbHlzaXMucGRm0hwdJCWiJSFcTlNEaWN0aW9uYXJ5EgABhqBfEA9OU0tleWVkQXJjaGl2ZXIACAARABYAHwAoADIANQA6ADwARQBLAFIAXQBlAGwAbwBxAHMAdgB4AHoAfACGAJMAmACgAtAC0gLXAuAC6wLvAv0DBAMNA1oDXwNiA28DdAAAAAAAAAIBAAAAAAAAACgAAAAAAAAAAAAAAAAAAAOG}}
