%% This BibTeX bibliography file was created using BibDesk.
%% http://bibdesk.sourceforge.net/


%% Created for Thomas Boulier at 2013-06-05 14:55:17 +0200 


%% Saved with string encoding Unicode (UTF-8) 



@article{wang2013-3DSD,
	Author = {Ammari, H. and Chung, D. and Kang, H. and Wang, H.},
	Date-Added = {2013-03-11 12:35:59 +0100},
	Date-Modified = {2013-03-11 14:16:44 +0100},
	Journal = {arXiv preprint arXiv:1212.3519},
	Title = {Invariance Properties of Generalized Polarization Tensors and Design of Shape Descriptors in Three Dimensions},
	Year = {2012}}

@inproceedings{kang2013IHP,
	Author = {Kang, H.},
	Booktitle = {\'Etats de la Recherche : Probl{\`e}mes Inverses et Imagerie},
	Date-Added = {2013-03-11 11:50:15 +0100},
	Date-Modified = {2013-03-11 11:51:48 +0100},
	Title = {Layer Potential approaches to interface problems},
	Year = {2013, february, 20-22}}

@article{von1992electro-location,
	Author = {von der Emde, G.},
	Date-Added = {2013-03-01 23:23:08 +0100},
	Date-Modified = {2013-03-11 14:23:16 +0100},
	Journal = {Ethology},
	Publisher = {Blackwell Publishing},
	Title = {Electrolocation of capacitive objects in four species of pulse-type weakly electric fish: II. Electric signalling behaviour.},
	Year = {1992}}

@article{davis1988behavioural,
	Author = {Davis, E.A. and Hopkins, C.D.},
	Date-Added = {2013-03-01 23:20:00 +0100},
	Date-Modified = {2013-03-11 14:52:35 +0100},
	Journal = {Animal behaviour},
	Number = {6},
	Pages = {1658--1671},
	Publisher = {Elsevier},
	Title = {Behavioural analysis of electric signal localization in the electric fish, \emph{Gymnotus carapo} (Gymnotiformes)},
	Volume = {36},
	Year = {1988}}

@article{hopkins-passive,
	Author = {Hopkins, C.},
	Date-Added = {2013-03-01 23:18:50 +0100},
	Date-Modified = {2013-03-11 14:24:35 +0100},
	Journal = {Electroreception},
	Pages = {264--289},
	Publisher = {Springer},
	Title = {Passive electrolocation and the sensory guidance of oriented behavior},
	Year = {2005}}

@article{lissmann1958evolution,
	Author = {Lissmann, H.W.},
	Date-Added = {2013-03-01 23:17:57 +0100},
	Date-Modified = {2013-03-11 14:44:59 +0100},
	Journal = {Journal of Experimental Biology},
	Number = {1},
	Pages = {156--191},
	Publisher = {The Company of Biologists Ltd},
	Title = {On the function and evolution of electric organs in fish},
	Volume = {35},
	Year = {1958}}

@article{kalmijn-1988,
	Author = {Kalmijn, A.J.},
	Date-Added = {2013-03-01 23:16:52 +0100},
	Date-Modified = {2013-03-11 14:44:23 +0100},
	Journal = {Sensory biology of aquatic animals},
	Pages = {151--186},
	Publisher = {Springer-Verlag, New York},
	Title = {Detection of weak electric fields},
	Year = {1988}}

@article{adair1998detection,
	Author = {Adair, R.K. and Astumian, R.D. and Weaver, J.C.},
	Date-Added = {2013-03-01 23:16:17 +0100},
	Date-Modified = {2013-03-11 14:42:25 +0100},
	Journal = {Chaos: An Interdisciplinary Journal of Nonlinear Science},
	Number = {3},
	Pages = {576--587},
	Publisher = {American Institute of Physics},
	Title = {Detection of weak electric fields by sharks, rays, and skates},
	Volume = {8},
	Year = {1998}}

@article{okedi1971food,
	Author = {Okedi, J.},
	Date-Added = {2013-03-01 23:15:46 +0100},
	Date-Modified = {2013-03-11 15:18:19 +0100},
	Journal = {A. J. Trop. Hydrobiol. Fish.},
	Number = {1},
	Pages = {1-12},
	Title = {The food and feeding habits of the small mormyrid fishes of Lake Victoria, East Africa},
	Volume = {1},
	Year = {1971}}

@article{albert2005diversity,
	Author = {Albert, J. and Crampton, W.},
	Date-Added = {2013-03-01 23:15:16 +0100},
	Date-Modified = {2013-03-11 14:19:36 +0100},
	Journal = {Electroreception},
	Pages = {360--409},
	Publisher = {Springer},
	Title = {Diversity and phylogeny of Neotropical electric fishes (Gymnotiformes)},
	Year = {2005}}

@article{rouviere2002,
	Author = {Rouvi\`ere, H. and Delmas, A. and Delmas, V.},
	Date-Added = {2013-03-01 23:13:33 +0100},
	Date-Modified = {2013-03-11 14:35:12 +0100},
	Title = {Anatomie humaine descriptive, topographique et fonctionnelle Tome 4: syst{\`e}me nerveux central, voies \& centres nerveux},
	Year = {2002}}

@article{feldberg1942cholinergic,
	Author = {Feldberg, W. and Fessard, A.},
	Date-Added = {2013-03-01 22:55:12 +0100},
	Date-Modified = {2013-03-11 14:23:39 +0100},
	Journal = {The Journal of physiology},
	Number = {2},
	Pages = {200--216},
	Publisher = {Physiological Soc},
	Title = {The cholinergic nature of the nerves to the electric organ of the Torpedo (Torpedo marmorata)},
	Volume = {101},
	Year = {1942}}

@article{graff2004fish,
	Author = {Graff, C. and Kaminski, G. and Gresty, M. and Ohlmann, T.},
	Date-Added = {2013-02-28 12:13:26 +0100},
	Date-Modified = {2013-03-11 14:24:05 +0100},
	Journal = {Current biology},
	Number = {9},
	Pages = {818--823},
	Publisher = {Elsevier},
	Title = {Fish perform spatial pattern recognition and abstraction by exclusive use of active electrolocation},
	Volume = {14},
	Year = {2004}}

@article{volta1800electricity,
	Author = {Volta, A.},
	Date-Added = {2013-02-15 12:19:35 +0100},
	Date-Modified = {2013-02-15 12:19:48 +0100},
	Journal = {Philosophical Transactions of the Royal Society of London},
	Pages = {403--431},
	Publisher = {JSTOR},
	Title = {On the Electricity Excited by the Mere Contact of Conducting Substances of Different Kinds. In a Letter from Mr. Alexander Volta, FRS Professor of Natural Philosophy in the University of Pavia, to the Rt. Hon. Sir Joseph Banks, Bart. KBPRS},
	Volume = {90},
	Year = {1800}}

@article{stoddard2008signal,
	Author = {Stoddard, P.K. and Markham, M.R.},
	Date-Added = {2013-02-15 12:17:57 +0100},
	Date-Modified = {2013-03-11 14:47:05 +0100},
	Journal = {Bioscience},
	Number = {5},
	Pages = {415},
	Publisher = {NIH Public Access},
	Title = {Signal cloaking by electric fish},
	Volume = {58},
	Year = {2008}}

@book{boulenger1965fishes,
	Author = {Boulenger, G.A. and Loat, L.},
	Date-Added = {2013-02-14 18:11:45 +0100},
	Date-Modified = {2013-03-11 14:42:38 +0100},
	Publisher = {Wheldon \& Wesley},
	Title = {The fishes of the Nile},
	Year = {1965}}

@article{howes1985phylogenetic,
	Author = {Howes, G.J.},
	Date-Added = {2013-02-14 18:09:56 +0100},
	Date-Modified = {2013-03-11 14:44:07 +0100},
	Journal = {Journal of natural history},
	Number = {1},
	Pages = {37--67},
	Publisher = {Taylor \& Francis},
	Title = {The phylogenetic relationships of the electric catfish family Malapteruridae (Teleostei: Siluroidei)},
	Volume = {19},
	Year = {1985}}

@book{finger2011shocking,
	Author = {Finger, S. and Piccolino, M.},
	Date-Added = {2013-02-14 17:46:35 +0100},
	Date-Modified = {2013-03-11 14:23:48 +0100},
	Publisher = {Oxford University Press, USA},
	Title = {The Shocking History of Electric Fishes: From Ancient Epochs to the Birth of Modern Neurophysiology},
	Year = {2011}}

@book{zygmund_trigonometric_1988,
	Author = {Zygmund, A.},
	Date-Added = {2013-02-13 11:31:53 +0100},
	Date-Modified = {2013-02-13 11:32:11 +0100},
	Publisher = {Cambridge university press},
	Title = {Trigonometric series},
	Volume = {1},
	Year = {2003}}

@techreport{kalman2,
	Author = {Welch, G. and Bishop, G.},
	Date-Added = {2013-02-13 11:31:06 +0100},
	Date-Modified = {2013-03-11 15:04:03 +0100},
	Institution = {University of North Carolina, University of North Carolina, Department of Computer Science},
	Number = {TR 95-041},
	Title = {An introduction to the Kalman filter},
	Year = {1995}}

@inproceedings{track6,
	Author = {Wang, L. and Cheney, M. and Borden, B.},
	Booktitle = {Radar Conference, 2010 IEEE},
	Date-Added = {2013-02-13 11:29:47 +0100},
	Date-Modified = {2013-02-13 11:30:28 +0100},
	Organization = {IEEE},
	Pages = {391--396},
	Title = {Multistatic radar imaging of moving targets},
	Year = {2010}}

@article{margolis_nonuniform_2008,
	Author = {Margolis, E. and Eldar, Y.C.},
	Date-Added = {2013-02-13 11:27:47 +0100},
	Date-Modified = {2013-03-11 14:45:23 +0100},
	Journal = {Signal Processing, IEEE Transactions on},
	Number = {7},
	Pages = {2728--2745},
	Publisher = {IEEE},
	Title = {Nonuniform sampling of periodic bandlimited signals},
	Volume = {56},
	Year = {2008}}

@article{kalman,
	Author = {Kalman, R.E.},
	Date-Added = {2013-02-13 11:25:50 +0100},
	Date-Modified = {2013-03-11 14:44:19 +0100},
	Journal = {Journal of basic Engineering},
	Number = {1},
	Pages = {35--45},
	Title = {A new approach to linear filtering and prediction problems},
	Volume = {82},
	Year = {1960}}

@article{track5,
	Author = {Jaffe, J.S.},
	Date-Added = {2013-02-13 11:25:02 +0100},
	Date-Modified = {2013-03-11 14:44:11 +0100},
	Journal = {The Journal of the Acoustical Society of America},
	Pages = {3168},
	Title = {Target localization for a three-dimensional multibeam sonar imaging system},
	Volume = {105},
	Year = {1999}}

@article{track4,
	Author = {Haworth, C.D. and De Saint-Pern, Y. and Clark, D. and Trucco, E. and Petillot, Y.},
	Date-Added = {2013-02-13 11:24:12 +0100},
	Date-Modified = {2013-03-11 14:44:01 +0100},
	Journal = {International Journal of Computer Vision},
	Number = {2},
	Pages = {183--196},
	Publisher = {Springer},
	Title = {Detection and tracking of multiple metallic objects in millimetre-wave images},
	Volume = {71},
	Year = {2007}}

@inproceedings{track3,
	Author = {Davies, D. and Palmer, P. and Mirmehdi, M.},
	Booktitle = {Proc. BMVC},
	Date-Added = {2013-02-13 11:21:38 +0100},
	Date-Modified = {2013-02-13 11:23:06 +0100},
	Pages = {60.1-60.10},
	Title = {Detection and Tracking of Very Small Low Contrast Objects},
	Year = {1998}}

@article{track2,
	Author = {Clark, D. and Ruiz, I.T. and Petillot, Y. and Bell, J.},
	Date-Added = {2013-02-13 11:11:13 +0100},
	Date-Modified = {2013-03-11 14:43:09 +0100},
	Journal = {Aerospace and Electronic Systems, IEEE Transactions on},
	Number = {1},
	Pages = {409--416},
	Publisher = {IEEE},
	Title = {Particle PHD filter multiple target tracking in sonar image},
	Volume = {43},
	Year = {2007}}

@article{track1,
	Author = {Cheney, M. and Borden, B.},
	Date-Added = {2013-02-13 11:10:22 +0100},
	Date-Modified = {2013-03-11 14:22:17 +0100},
	Journal = {Inverse problems},
	Number = {3},
	Pages = {035005},
	Publisher = {IOP Publishing},
	Title = {Imaging moving targets from scattered waves},
	Volume = {24},
	Year = {2008}}

@article{ammari_generalized_2012-1,
	Author = {Ammari, H. and Kang, H. and Lim, M. and Zribi, H.},
	Date-Added = {2013-02-13 11:07:20 +0100},
	Date-Modified = {2013-03-11 14:16:25 +0100},
	Journal = {Mathematics of Computation},
	Number = {277},
	Pages = {367},
	Title = {The generalized polarization tensors for resolved imaging. Part I: Shape reconstruction of a conductivity inclusion},
	Volume = {81},
	Year = {2011}}

@book{opt2,
	Author = {Vogel, C.R.},
	Date-Added = {2013-02-12 17:56:49 +0100},
	Date-Modified = {2013-03-11 14:57:07 +0100},
	Publisher = {Society for Industrial and Applied Mathematics},
	Title = {Computational methods for inverse problems},
	Volume = {23},
	Year = {1987}}

@book{opt1,
	Author = {Tarantola, A.},
	Date-Added = {2013-02-12 17:53:56 +0100},
	Date-Modified = {2013-03-11 14:56:48 +0100},
	Publisher = {Society for Industrial and Applied Mathematics},
	Title = {Inverse problem theory and methods for model parameter estimation},
	Year = {2005}}

@article{PS51,
	Author = {P{\'o}lya, G. and Szego, G.},
	Date-Added = {2013-02-12 17:52:24 +0100},
	Date-Modified = {2013-02-12 17:53:24 +0100},
	Journal = {Annals of Mathematical Studies},
	Publisher = {Princeton University Press},
	Title = {Isoperimetric Inequalities in Mathematical Physics},
	Volume = {27},
	Year = {1951}}

@book{LH95,
	Author = {Lawson, C.L. and Hanson, R.J.},
	Date-Added = {2013-02-12 17:50:53 +0100},
	Date-Modified = {2013-03-11 14:44:52 +0100},
	Publisher = {SIAM},
	Title = {Solving least squares problems},
	Volume = {15},
	Year = {1995}}

@article{opt,
	Author = {Haber, E. and Ascher, U.M. and Oldenburg, D.},
	Date-Added = {2013-02-12 17:49:59 +0100},
	Date-Modified = {2013-02-12 18:23:10 +0100},
	Journal = {Inverse problems},
	Number = {5},
	Pages = {1263},
	Publisher = {IOP Publishing},
	Title = {On optimization techniques for solving nonlinear inverse problems},
	Volume = {16},
	Year = {2000}}

@article{FV_ARMA_89,
	Author = {Friedman, A. and Vogelius, M.S.},
	Date-Added = {2013-02-12 17:48:56 +0100},
	Date-Modified = {2013-03-11 14:43:53 +0100},
	Journal = {Archive for Rational Mechanics and Analysis},
	Number = {4},
	Pages = {299--326},
	Publisher = {Springer},
	Title = {Identification of small inhomogeneities of extreme conductivity by boundary measurements: a theorem on continuous dependence},
	Volume = {105},
	Year = {1989}}

@book{dassios,
	Author = {Dassios, G. and Kleinman, R.},
	Date-Added = {2013-02-12 17:47:47 +0100},
	Date-Modified = {2013-02-12 18:22:34 +0100},
	Publisher = {Oxford University Press, USA},
	Title = {Low frequency scattering},
	Year = {2000}}

@article{yves,
	Author = {Capdeboscq, Y. and Karrman, A.B. and N{\'e}d{\'e}lec, J.-C.},
	Date-Added = {2013-02-12 17:46:07 +0100},
	Date-Modified = {2013-03-11 14:41:51 +0100},
	Journal = {Applicable Analysis},
	Number = {6},
	Pages = {1189--1203},
	Publisher = {Taylor \& Francis},
	Title = {Numerical computation of approximate generalized polarization tensors},
	Volume = {91},
	Year = {2012}}

@article{AKT_AA_05,
	Author = {Ammari, H. and Kang, H. and Touibi, K.},
	Date-Added = {2013-02-12 17:44:03 +0100},
	Date-Modified = {2013-02-12 18:20:06 +0100},
	Journal = {Asymptotic Analysis},
	Number = {2},
	Pages = {119--140},
	Publisher = {IOS Press},
	Title = {Boundary layer techniques for deriving the effective properties of composite materials},
	Volume = {41},
	Year = {2005}}

@article{mc2,
	Author = {Ammari, H. and Kang, H. and Kim, E. and Lee, J.-N.},
	Date-Added = {2013-02-12 17:42:15 +0100},
	Date-Modified = {2013-02-12 18:21:34 +0100},
	Journal = {Mathematics of Computation},
	Number = {278},
	Pages = {839},
	Title = {The generalized polarization tensors for resolved imaging Part II: Shape and electromagnetic parameters reconstruction of an electromagnetic inclusion from multistatic measurements},
	Volume = {81},
	Year = {2011}}

@article{AKLL11,
	Author = {Ammari, H. and Kang, H. and Lee, H. and Lim, M.},
	Date-Added = {2013-02-12 17:38:02 +0100},
	Date-Modified = {2013-02-12 18:20:39 +0100},
	Journal = {Comm. Math. Phys.},
	Title = {Enhancement of near cloaking using generalized polarization tensors vanishing structures. Part I: The conductivity problem},
	Year = {to appear}}

@inproceedings{resol,
	Author = {Ammari, H. and Garnier, J. and S{\o}lna, K.},
	Booktitle = {To appear in Proc. Amer. Math. Soc., to appear},
	Date-Added = {2013-02-12 17:24:21 +0100},
	Date-Modified = {2013-03-11 14:55:19 +0100},
	Title = {Resolution and stability analysis in full-aperture, linearized conductivity and wave imaging},
	Volume = {2},
	Year = {2012}}

@article{optnew2,
	Author = {Ammari, H. and Garnier, J. and Kang, H. and Lim, M. and S{\o}lna, K.},
	Date-Added = {2013-02-12 17:17:20 +0100},
	Date-Modified = {2013-02-12 18:21:12 +0100},
	Journal = {SIAM Journal on Imaging Sciences},
	Number = {2},
	Pages = {564--600},
	Publisher = {SIAM},
	Title = {Multistatic imaging of extended targets},
	Volume = {5},
	Year = {2012}}

@misc{AGJ,
	Author = {Ammari, H. and Garnier, J. and Jugnon, V.},
	Date-Added = {2013-02-12 17:14:29 +0100},
	Date-Modified = {2013-02-12 18:20:20 +0100},
	Publisher = {submitted},
	Title = {Detection, reconstruction, and characterization algorithms from noisy data in multistatic wave imaging},
	Year = {2011}}

@article{optnew1,
	Author = {Ammari, H. and Garapon, P. and Jouve, F. and Kang, H. and Lim, M. and Yu, S.},
	Date-Added = {2013-02-12 17:07:47 +0100},
	Date-Modified = {2013-03-11 14:54:43 +0100},
	Journal = {To appear in SIAM Journal on Control and Optimization},
	Title = {A new optimal control approach for the reconstruction of extended inclusions},
	Year = {2013}}

@book{milton2002theory,
	Author = {Milton, G.W.},
	Date-Added = {2013-02-11 15:51:11 +0100},
	Date-Modified = {2013-03-11 14:45:33 +0100},
	Publisher = {Cambridge University Press},
	Title = {The theory of composites},
	Volume = {6},
	Year = {2002}}

@article{ammari2007identification,
	Author = {Ammari, H. and Griesmaier, R. and Hanke, M.},
	Date-Added = {2013-02-11 15:50:06 +0100},
	Date-Modified = {2013-02-11 15:50:06 +0100},
	Journal = {Mathematics of computation},
	Number = {259},
	Pages = {1425},
	Publisher = {American Mathematical Society},
	Title = {Identification of small inhomogeneities: asymptotic factorization},
	Volume = {76},
	Year = {2007}}

@article{khelifizribi2011asymptotic,
	Author = {Khelifi, A. and Zribi, H.},
	Date-Added = {2013-02-11 15:49:32 +0100},
	Date-Modified = {2013-03-11 14:51:41 +0100},
	Journal = {Mathematical Methods in the Applied Sciences},
	Number = {18},
	Pages = {2274-2290},
	Publisher = {Wiley Online Library},
	Title = {Asymptotic expansions for the voltage potentials with two-dimensional and three-dimensional thin interfaces},
	Volume = {34},
	Year = {2011}}

@book{kellogg2010foundations,
	Author = {Kellogg, O.D.},
	Date-Added = {2013-02-11 15:48:23 +0100},
	Date-Modified = {2013-03-11 14:44:34 +0100},
	Publisher = {Dover Publications},
	Title = {Foundations of potential theory},
	Volume = {31},
	Year = {2010}}

@article{kirsch1999characterization,
	Author = {Kirsch, A.},
	Date-Added = {2013-02-11 15:29:03 +0100},
	Date-Modified = {2013-02-11 15:29:03 +0100},
	Journal = {Inverse problems},
	Number = {6},
	Pages = {1489},
	Publisher = {IOP Publishing},
	Title = {Characterization of the shape of a scattering obstacle using the spectral data of the far field operator},
	Volume = {14},
	Year = {1999}}

@article{cheney2001linearsampling,
	Author = {Cheney, M.},
	Date-Added = {2013-02-11 15:28:09 +0100},
	Date-Modified = {2013-02-11 15:32:45 +0100},
	Journal = {Inverse Problems},
	Number = {4},
	Pages = {591},
	Publisher = {IOP Publishing},
	Title = {The linear sampling method and the MUSIC algorithm},
	Volume = {17},
	Year = {2001}}

@article{chambersberryman2006target,
	Author = {Chambers, D.H. and Berryman, J.G.},
	Date-Added = {2013-02-11 15:27:31 +0100},
	Date-Modified = {2013-03-11 14:43:02 +0100},
	Journal = {Inverse Problems},
	Number = {6},
	Pages = {2145},
	Publisher = {IOP Publishing},
	Title = {Target characterization using decomposition of the time-reversal operator: electromagnetic scattering from small ellipsoids},
	Volume = {22},
	Year = {2006}}

@article{AKKLV2008music,
	Author = {Ammari, H. and Kang, H. and Kim, E. and Louati, K. and Vogelius, M.S.},
	Date-Added = {2013-02-11 15:21:58 +0100},
	Date-Modified = {2013-02-11 15:32:11 +0100},
	Journal = {Numerische Mathematik},
	Number = {4},
	Pages = {501--528},
	Publisher = {Springer},
	Title = {A MUSIC-type algorithm for detecting internal corrosion from electrostatic boundary measurements},
	Volume = {108},
	Year = {2008}}

@article{AIL2005music,
	Author = {Ammari, H. and Iakovleva, E. and Lesselier, D.},
	Date-Added = {2013-02-11 15:21:13 +0100},
	Date-Modified = {2013-02-11 15:31:44 +0100},
	Journal = {Multiscale Modeling \& Simulation},
	Number = {3},
	Pages = {597--628},
	Publisher = {SIAM},
	Title = {A MUSIC algorithm for locating small inclusions buried in a half-space from the scattering amplitude at a fixed frequency},
	Volume = {3},
	Year = {2005}}

@article{AGKPS2011cracks,
	Author = {Ammari, H. and Garnier, J. and Kang, H. and Park, W.K. and S{\o}lna, K.},
	Date-Added = {2013-02-11 15:20:09 +0100},
	Date-Modified = {2013-02-12 17:18:37 +0100},
	Journal = {SIAM Journal on Applied Mathematics},
	Number = {1},
	Pages = {68--91},
	Publisher = {SIAM},
	Title = {Imaging schemes for perfectly conducting cracks},
	Volume = {71},
	Year = {2011}}

@article{berettafrancini2011stability,
	Author = {Beretta, E. and Francini, E.},
	Date-Added = {2013-02-11 15:19:13 +0100},
	Date-Modified = {2013-02-11 15:30:41 +0100},
	Journal = {Communications in Partial Differential Equations},
	Number = {10},
	Pages = {1723--1749},
	Publisher = {Taylor \& Francis},
	Title = {Lipschitz stability for the electrical impedance tomography problem: the complex case},
	Volume = {36},
	Year = {2011}}

@article{AGKLY11,
	Author = {Ammari, H. and Garnier, J. and Kang, H. and Lim, M. and Yu, S.},
	Date-Added = {2013-02-07 16:45:41 +0100},
	Date-Modified = {2013-02-07 16:45:41 +0100},
	Journal = {To appear in Numerische Mathematik},
	Title = {Generalized Polarization Tensors for Shape Description},
	Year = {2012}}

@article{ammari2012tracking,
	Author = {Ammari, H. and Boulier, T. and Garnier, J. and Kang, H. and Wang, H.},
	Date-Added = {2013-02-07 16:45:41 +0100},
	Date-Modified = {2013-06-05 14:55:16 +0200},
	Journal = {Accepted for publication in SIAM Journal on Imaging Sciences (arXiv:1212.3544)},
	Title = {Tracking of a Mobile Target Using Generalized Polarization Tensors},
	Year = {2012}}

@article{ammarisima02,
	Author = {Ammari, H. and Kang, H.},
	Date-Added = {2013-02-07 16:45:41 +0100},
	Date-Modified = {2013-02-07 16:45:41 +0100},
	Journal = {SIAM J. Math. Anal.},
	Number = {5},
	Pages = {1152--1166},
	Title = {High-order terms in the asymptotic expansions of the steady-state voltage potentials in the presence of conductivity inhomogeneities of small diameter},
	Volume = {34},
	Year = {2003}}

@article{invariants3D,
	Author = {Ammari, H. and Chung, D. and Kang, H. and Wang, H.},
	Date-Added = {2013-02-07 16:45:41 +0100},
	Date-Modified = {2013-02-07 16:45:41 +0100},
	Journal = {Submitted to Appl. Comput. Harmon. Anal. (arXiv:1212.3519)},
	Title = {Invariance properties of generalized polarization tensors and design of shape descriptors in three dimensions},
	Year = {2012}}

@article{AK_MMS_03,
	Author = {Ammari, H. and Kang, H.},
	Date-Added = {2013-02-07 16:45:41 +0100},
	Date-Modified = {2013-02-12 17:35:00 +0100},
	Journal = {SIAM Multiscale Model. Simul.},
	Pages = {335--348},
	Title = {Properties of generalized polarization tensors},
	Volume = {1},
	Year = {2003}}

@article{seo1,
	Author = {Ammari, H. and Kwon, O. and Seo, J.K. and Woo, E.J.},
	Date-Added = {2013-02-07 16:45:41 +0100},
	Date-Modified = {2013-02-07 16:45:41 +0100},
	Journal = {SIAM J. Appl. Math.},
	Pages = {252--266},
	Title = {T-Scan electrical impedance imaging system for anomaly detection},
	Volume = {65},
	Year = {2004}}

@article{bastian,
	Author = {Bastian, J.},
	Date-Added = {2013-02-07 16:45:41 +0100},
	Date-Modified = {2013-02-07 16:45:41 +0100},
	Journal = {J Comp. Physiol. A},
	Pages = {397--411},
	Title = {Electrolocation I. How the electroreceptors of {\it Apteronotus albifrons} code for moving objects and other electrical stimuli},
	Volume = {144},
	Year = {1981}}

@article{boyer4,
	Author = {Boyer, F. and Gossiaux, P.-B. and Jawad, B. and Lebastard, V. and Porez, M.},
	Date-Added = {2013-02-07 16:45:41 +0100},
	Date-Modified = {2013-03-11 14:20:27 +0100},
	Journal = {IEEE Transactions on Robotics},
	Number = {2},
	Pages = {492--505},
	Title = {Model for a sensor inspired by electric fish},
	Volume = {52},
	Year = {2012}}

@article{chen2005modeling,
	Author = {Chen, L. and House, J. L. and Krahe, R. and Nelson, M.E.},
	Date-Added = {2013-02-07 16:45:41 +0100},
	Date-Modified = {2013-03-11 14:22:08 +0100},
	Journal = {Journal of Comparative Physiology A: Neuroethology, Sensory, Neural, and Behavioral Physiology},
	Number = {4},
	Pages = {331--345},
	Publisher = {Springer},
	Title = {Modeling signal and background components of electrosensory scenes},
	Volume = {191},
	Year = {2005}}

@article{mciver3,
	Author = {Curet, O.M. and Patankar, N.A. and Lauder, G.V. and MacIver, M.A.},
	Date-Added = {2013-02-07 16:45:41 +0100},
	Date-Modified = {2013-03-11 14:43:18 +0100},
	Journal = {J. Royal Soc. Interface},
	Pages = {1041--1050},
	Title = {Aquatic maneuvering with counter-propagating waves: a novel locomotive strategy},
	Volume = {8},
	Year = {2010}}

@article{gerhard,
	Author = {von der Emde, G.},
	Date-Added = {2013-02-07 16:45:41 +0100},
	Date-Modified = {2013-02-07 16:45:41 +0100},
	Journal = {Journal of Physiology Paris},
	Pages = {67--80},
	Publisher = {The Company of Biologists Ltd},
	Title = {Distance and shape: perception of the 3-dimensional world by weakly electric fish},
	Volume = {98},
	Year = {2004}}

@inproceedings{boyer,
	Author = {Jawad, B. and Gossiaux, P.-B. and Boyer, F. and Lebastard, V. and Gomez, F. and Servagent, N. and Bouvier, S. and Girin, A. and Porez, M.},
	Booktitle = {Proc. of 2010 IEEE International Conference on Robotics and Biomimetics (ROBIO)},
	Date-Added = {2013-02-07 16:45:41 +0100},
	Date-Modified = {2013-03-11 14:25:03 +0100},
	Pages = {879--884},
	Title = {Sensor model for the navigation of underwater vehicles by the electric sense},
	Year = {2010}}

@article{seo2,
	Author = {Kim, S. and Lee, J. and Seo, J.K. and Woo, E.J. and Zribi, H.},
	Date-Added = {2013-02-07 16:45:41 +0100},
	Date-Modified = {2013-02-07 16:45:41 +0100},
	Journal = {SIAM J. Appl. Math.},
	Pages = {22--36},
	Title = {Multifrequency trans-admittance scanner: mathematical framework and feasibility},
	Volume = {69},
	Year = {2008}}

@inproceedings{boyer3,
	Author = {Lebastard, V. and Chevallereau, C. and Amrouche, A. and Jawad, B. and Girin, A. and Boyer, F. and Gossiaux, P.-B.},
	Booktitle = {2010 IEEE/RSJ International Conference on Intelligent Robots and Systems (IROS)},
	Date-Added = {2013-02-07 16:45:41 +0100},
	Date-Modified = {2013-03-11 14:46:28 +0100},
	Pages = {4225--4230},
	Title = {Underwater robot navigation around a sphere using electrolocation sense and Kalman filter},
	Year = {2010}}

@phdthesis{maciver2001computational,
	Author = {MacIver, M.A.},
	Date-Added = {2013-02-07 16:45:41 +0100},
	Date-Modified = {2013-03-11 14:45:10 +0100},
	School = {Citeseer},
	Title = {The computational neuroethology of weakly electric fish: body modeling, motion analysis, and sensory signal estimation},
	Year = {2001}}

@book{book_nelson,
	Address = {New York},
	Author = {Nelson, M.E.},
	Date-Added = {2013-02-07 16:45:41 +0100},
	Date-Modified = {2013-03-11 14:45:46 +0100},
	Publisher = {Springer-Verlag},
	Title = {Target Detection, Image Analysis, and Modeling},
	Year = {2005}}

@inproceedings{boyer2,
	Author = {Porez, M. and Lebastard, V. and Ijspeert, A. J. and Boyer, F.},
	Booktitle = {Proc. of 2011 IEEE/RSJ International Conference on Intelligent Robots and Systems (IROS)},
	Date-Added = {2013-02-07 16:45:41 +0100},
	Date-Modified = {2013-03-11 14:33:47 +0100},
	Pages = {1901--1906},
	Title = {Multi-physics model of an electric fish-like robot: Numerical aspects and application to obstacle avoidance},
	Year = {2011}}

@article{mciver2,
	Author = {Postlethwaite, C.M. and Psemeneki, T.M. and Selimkhanov, J. and Silber, M., and MacIver, M.A.},
	Date-Added = {2013-02-07 16:45:41 +0100},
	Date-Modified = {2013-03-11 14:46:07 +0100},
	Journal = {J. Royal Soc. Interface},
	Pages = {417--433},
	Title = {Optimal movement in the prey strikes of weakly electric fish: A case study of the interplay of body plan and movement capability},
	Volume = {6},
	Year = {2009}}

@inproceedings{rasnow1989simulation,
	Author = {Rasnow, B. and Assad, C. and Nelson, M.E. and Bower, J.M.},
	Booktitle = {Advances in neural information processing systems 1},
	Date-Added = {2013-02-07 16:45:41 +0100},
	Date-Modified = {2013-03-11 14:46:14 +0100},
	Organization = {Morgan Kaufmann Publishers Inc.},
	Pages = {436--443},
	Title = {Simulation and measurement of the electric fields generated by weakly electric fish},
	Year = {1989}}

@article{rasnowformula,
	Author = {Rasnow, B.},
	Date-Added = {2013-02-07 16:45:41 +0100},
	Date-Modified = {2013-02-07 16:45:41 +0100},
	Journal = {J Comp. Physiol. A},
	Pages = {397--411},
	Title = {The effects of simple objects on the electric field of Apteronotus},
	Volume = {178},
	Year = {1996}}

@article{mciver,
	Author = {Solberg, J.R. and Lynch, K.M. and MacIver, M.A.},
	Date-Added = {2013-02-07 16:45:41 +0100},
	Date-Modified = {2013-03-11 14:46:50 +0100},
	Journal = {Internat. J. Robotics Res.},
	Number = {5},
	Pages = {529--548},
	Title = {Active electrolocation for underwater target localization},
	Volume = {27},
	Year = {2008}}

@article{von1993electric,
	Author = {von der Emde, G. and Schwarz, S. and Gomez, L. and Budelli, R. and Grant, K.},
	Date-Added = {2013-02-07 16:45:41 +0100},
	Date-Modified = {2013-03-11 14:40:14 +0100},
	Journal = {Nature},
	Pages = {890-894},
	Title = {Electric fish measure distance in the dark},
	Volume = {235},
	Year = {1998}}

@article{von1999active,
	Author = {von der Emde, G.},
	Date-Added = {2013-02-07 16:45:41 +0100},
	Date-Modified = {2013-03-11 14:40:41 +0100},
	Journal = {Journal of experimental biology},
	Number = {10},
	Pages = {1205},
	Publisher = {Company of Biologists},
	Title = {Active electrolocation of objects in weakly electric fish},
	Volume = {202},
	Year = {1999}}

@book{neuro,
	Address = {New York},
	Date-Added = {2013-02-07 16:45:41 +0100},
	Date-Modified = {2013-02-07 16:45:41 +0100},
	Editor = {Bullock, T.H. and Hopkins, C.D. and Popper, A.N. and Richard, R.F.},
	Publisher = {Springer-Verlag},
	Title = {Electroreception},
	Year = {2005}}

@book{allaire2007numerical,
	Address = {Oxford},
	Author = {Allaire, G.},
	Date-Added = {2013-02-06 17:54:10 +0100},
	Date-Modified = {2013-03-11 14:19:47 +0100},
	Isbn = {978-0-19-920522-6},
	Mrclass = {65-01 (41-01 90-01)},
	Mrnumber = {2326223 (2008i:65001)},
	Mrreviewer = {Chris Arney},
	Pages = {xvi+455},
	Publisher = {Oxford University Press},
	Series = {Numerical Mathematics and Scientific Computation},
	Title = {Numerical analysis and optimization},
	Year = {2007},
	Bdsk-Url-1 = {http://www.ams.org/mathscinet-getitem?mr=2326223}}

@book{ammari2004reconstruction,
	Author = {Ammari, H. and Kang, H.},
	Date-Added = {2013-02-06 17:54:10 +0100},
	Date-Modified = {2013-02-06 17:54:10 +0100},
	Number = {1846},
	Publisher = {Springer Verlag},
	Title = {Reconstruction of small inhomogeneities from boundary measurements},
	Year = {2004}}

@book{ammari2007polarization,
	Author = {Ammari, H. and Kang, H.},
	Date-Added = {2013-02-06 17:54:10 +0100},
	Date-Modified = {2013-02-06 17:54:10 +0100},
	Isbn = {0387715657},
	Publisher = {Springer Verlag},
	Title = {Polarization and moment tensors: with applications to inverse problems and effective medium theory},
	Year = {2007},
	Bdsk-File-1 = {YnBsaXN0MDDUAQIDBAUGJCVYJHZlcnNpb25YJG9iamVjdHNZJGFyY2hpdmVyVCR0b3ASAAGGoKgHCBMUFRYaIVUkbnVsbNMJCgsMDRBWJGNsYXNzV05TLmtleXNaTlMub2JqZWN0c4AHog4PgAKAA6IREoAEgAVccmVsYXRpdmVQYXRoWWFsaWFzRGF0YV8QUS4uLy4uLy4uLy4uL0xpYnJhcnkvQXBwbGljYXRpb24gU3VwcG9ydC9QYXBlcnMyL0Jvb2tzLzIwMDcvQW1tYXJpLzIwMDcgQW1tYXJpLlBERtIJFxgZV05TLmRhdGGABk8RAeoAAAAAAeoAAgAADE1hY2ludG9zaCBIRAAAAAAAAAAAAAAAAAAAAMgILv9IKwAAABaYyw8yMDA3IEFtbWFyaS5QREYAAAAAAAAAAAAAAAAAAAAAAAAAAAAAAAAAAAAAAAAAAAAAAAAAAAAAAAAAAAAAAAAAFpjNyOIz5QAAAAAAAAAAAAQABwAACSAAAAAAAAAAAAAAAAAAAAAGQW1tYXJpABAACAAAyAgS3wAAABEACAAAyOIXxQAAAAEAIAAWmMsAFpjKABaYjwAWitsACKJnAAiiZQAIof0AAJOWAAIAYE1hY2ludG9zaCBIRDpVc2Vyczpib3VsaWVyOkxpYnJhcnk6QXBwbGljYXRpb24gU3VwcG9ydDpQYXBlcnMyOkJvb2tzOjIwMDc6QW1tYXJpOjIwMDcgQW1tYXJpLlBERgAOACAADwAyADAAMAA3ACAAQQBtAG0AYQByAGkALgBQAEQARgAPABoADABNAGEAYwBpAG4AdABvAHMAaAAgAEgARAASAFNVc2Vycy9ib3VsaWVyL0xpYnJhcnkvQXBwbGljYXRpb24gU3VwcG9ydC9QYXBlcnMyL0Jvb2tzLzIwMDcvQW1tYXJpLzIwMDcgQW1tYXJpLlBERgAAEwABLwAAFQACAA7//wAA0hscHR5aJGNsYXNzbmFtZVgkY2xhc3Nlc11OU011dGFibGVEYXRhox0fIFZOU0RhdGFYTlNPYmplY3TSGxwiI1xOU0RpY3Rpb25hcnmiIiBfEA9OU0tleWVkQXJjaGl2ZXLRJidUcm9vdIABAAgAEQAaACMALQAyADcAQABGAE0AVABcAGcAaQBsAG4AcABzAHUAdwCEAI4A4gDnAO8A8QLfAuQC7wL4AwYDCgMRAxoDHwMsAy8DQQNEA0kAAAAAAAACAQAAAAAAAAAoAAAAAAAAAAAAAAAAAAADSw==}}

@article{ammari2010conductivity,
	Author = {Ammari, H. and Kang, H. and Lim, M. and Zribi, H.},
	Date-Added = {2013-02-06 17:54:10 +0100},
	Date-Modified = {2013-03-11 14:56:16 +0100},
	Journal = {Transactions of the American Mathematical Society},
	Number = {5},
	Pages = {2435--2449},
	Title = {Conductivity interface problems. Part I: small perturbations of an interface},
	Volume = {362},
	Year = {2010}}

@book{ammarikang2009,
	Address = {Providence, RI},
	Author = {Ammari, H. and Kang, H. and Lee, H.},
	Date-Added = {2013-02-06 17:54:10 +0100},
	Date-Modified = {2013-03-11 14:55:58 +0100},
	Isbn = {978-0-8218-4784-8},
	Mrclass = {47F05 (35P20 35R30 47A10 49Q12 49R05 74G99 74H45)},
	Mrnumber = {2488135 (2010j:47062)},
	Mrreviewer = {Vitaly A. Volpert},
	Pages = {vi+202},
	Publisher = {American Mathematical Society},
	Series = {Mathematical Surveys and Monographs, vol. 53},
	Title = {Layer potential techniques in spectral analysis},
	Year = {2009}}

@article{assad1998electric,
	Author = {Assad, C. and Rasnow, B. and Stoddard, P.K. and Bower, JM},
	Date-Added = {2013-02-06 17:54:10 +0100},
	Date-Modified = {2013-03-11 14:42:13 +0100},
	Journal = {Journal of Comparative Physiology A: Neuroethology, Sensory, Neural, and Behavioral Physiology},
	Number = {4},
	Pages = {419--432},
	Publisher = {Springer},
	Title = {The electric organ discharges of the gymnotiform fishes: II. Eigenmannia},
	Volume = {183},
	Year = {1998}}

@article{babineau2006modeling,
	Author = {Babineau, D. and Longtin, A. and Lewis, J.E.},
	Date-Added = {2013-02-06 17:54:10 +0100},
	Date-Modified = {2013-02-06 17:54:10 +0100},
	Journal = {Journal of experimental biology},
	Number = {18},
	Pages = {3636},
	Publisher = {Company of Biologists},
	Title = {Modeling the electric field of weakly electric fish},
	Volume = {209},
	Year = {2006}}

@article{bacher1983new,
	Author = {Bacher, M.},
	Date-Added = {2013-02-06 17:54:10 +0100},
	Date-Modified = {2013-02-06 17:54:10 +0100},
	Journal = {Biological Cybernetics},
	Number = {1},
	Pages = {51--58},
	Publisher = {Springer},
	Title = {A new method for the simulation of electric fields, generated by electric fish, and their distorsions by objects},
	Volume = {47},
	Year = {1983}}

@article{bell1976electric,
	Author = {Bell, C.C. and Bradbury, J. and Russell, C.J.},
	Date-Added = {2013-02-06 17:54:10 +0100},
	Date-Modified = {2013-03-11 14:41:33 +0100},
	Journal = {Journal of Comparative Physiology A: Neuroethology, Sensory, Neural, and Behavioral Physiology},
	Number = {1},
	Pages = {65--88},
	Publisher = {Springer},
	Title = {The electric organ of a mormyrid as a current and voltage source},
	Volume = {110},
	Year = {1976}}

@article{bruhl2003direct,
	Author = {Br{{\"u}}hl, M. and Hanke, M. and Vogelius, M.S.},
	Coden = {NUMMA7},
	Date-Added = {2013-02-06 17:54:10 +0100},
	Date-Modified = {2013-03-11 14:41:41 +0100},
	Doi = {10.1007/s002110200409},
	Fjournal = {Numerische Mathematik},
	Issn = {0029-599X},
	Journal = {Numer. Math.},
	Mrclass = {65N21 (35C20 35R30)},
	Mrnumber = {1961882 (2004b:65169)},
	Mrreviewer = {Mohamed B. Jaoua},
	Number = {4},
	Pages = {635--654},
	Title = {A direct impedance tomography algorithm for locating small inhomogeneities},
	Url = {http://dx.doi.org/10.1007/s002110200409},
	Volume = {93},
	Year = {2003},
	Bdsk-Url-1 = {http://www.ams.org/mathscinet-getitem?mr=1961882}}

@article{budelli2000electric,
	Author = {Budelli, R. and Caputi, A.A.},
	Date-Added = {2013-02-06 17:54:10 +0100},
	Date-Modified = {2013-03-11 14:41:46 +0100},
	Journal = {Journal of Experimental Biology},
	Number = {3},
	Pages = {481},
	Publisher = {Company of Biologists},
	Title = {The electric image in weakly electric fish: perception of objects of complex impedance},
	Volume = {203},
	Year = {2000}}

@article{caputi1998electric,
	Author = {Caputi, A. A. and Budelli, R. and Grant, K. and Bell, C. C.},
	Date-Added = {2013-02-06 17:54:10 +0100},
	Date-Modified = {2013-03-11 14:21:48 +0100},
	Journal = {Journal of experimental biology},
	Number = {14},
	Pages = {2115},
	Publisher = {Company of Biologists},
	Title = {The electric image in weakly electric fish: physical images of resistive objects in Gnathonemus petersii.},
	Volume = {201},
	Year = {1998}}

@article{cedio1998identification,
	Author = {Cedio-Fengya, D.J. and Moskow, S. and Vogelius, M.S.},
	Date-Added = {2013-02-06 17:54:10 +0100},
	Date-Modified = {2013-03-11 14:42:55 +0100},
	Journal = {Inverse Problems},
	Pages = {553},
	Publisher = {IOP Publishing},
	Title = {Identification of conductivity imperfections of small diameter by boundary measurements. Continuous dependence and computational reconstruction},
	Volume = {14},
	Year = {1998}}

@article{devaney2004super,
	Author = {Devaney, A. J.},
	Date-Added = {2013-02-06 17:54:10 +0100},
	Date-Modified = {2013-03-11 14:23:05 +0100},
	Journal = {J. Acoust. Soc. Am},
	Title = {Super-resolution processing of multi-static data using time reversal and MUSIC},
	Year = {2004}}

@article{von2007distance,
	Author = {von der Emde, G. and Fetz, S.},
	Date-Added = {2013-02-06 17:54:10 +0100},
	Date-Modified = {2013-02-06 17:54:10 +0100},
	Journal = {Journal of Experimental Biology},
	Number = {17},
	Pages = {3082},
	Publisher = {Company of Biologists},
	Title = {Distance, shape and more: recognition of object features during active electrolocation in a weakly electric fish},
	Volume = {210},
	Year = {2007}}

@article{escauriaza1992,
	Author = {Escauriaza, L. and Fabes, E.B. and Verchota, G.},
	Coden = {PAMYAR},
	Date-Added = {2013-02-06 17:54:10 +0100},
	Date-Modified = {2013-03-11 14:43:45 +0100},
	Doi = {10.2307/2159357},
	Fjournal = {Proceedings of the American Mathematical Society},
	Issn = {0002-9939},
	Journal = {Proc. Amer. Math. Soc.},
	Mrclass = {35B65 (35J15)},
	Mrnumber = {1092919 (92j:35020)},
	Mrreviewer = {B. Hellwig},
	Number = {4},
	Pages = {1069--1076},
	Title = {On a regularity theorem for weak solutions to transmission problems with internal {L}ipschitz boundaries},
	Url = {http://dx.doi.org/10.2307/2159357},
	Volume = {115},
	Year = {1992},
	Bdsk-Url-1 = {http://www.ams.org/mathscinet-getitem?mr=1092919}}

@article{heiligenberg1975theoretical,
	Author = {Heiligenberg, W.},
	Date-Added = {2013-02-06 17:54:10 +0100},
	Date-Modified = {2013-02-06 17:54:10 +0100},
	Journal = {Journal of Comparative Physiology A: Neuroethology, Sensory, Neural, and Behavioral Physiology},
	Number = {3},
	Pages = {247--272},
	Publisher = {Springer},
	Title = {Theoretical and experimental approaches to spatial aspects of electrolocation},
	Volume = {103},
	Year = {1975}}

@article{hoshimiya1980theapteronotus,
	Author = {Hoshimiya, N. and Shogen, K. and Matsuo, T. and Chichibu, S.},
	Date-Added = {2013-02-06 17:54:10 +0100},
	Date-Modified = {2013-02-13 11:28:33 +0100},
	Journal = {Journal of Comparative Physiology A: Neuroethology, Sensory, Neural, and Behavioral Physiology},
	Number = {4},
	Pages = {283--290},
	Publisher = {Springer},
	Title = {The Apteronotus EOD field: Waveform and EOD field simulation},
	Volume = {135},
	Year = {1980}}

@article{kang1996,
	Author = {Kang, H. and Seo, J.K.},
	Coden = {INPEEY},
	Date-Added = {2013-02-06 17:54:10 +0100},
	Date-Modified = {2013-03-11 14:44:27 +0100},
	Doi = {10.1088/0266-5611/12/3/007},
	Fjournal = {Inverse Problems. An International Journal on the Theory and Practice of Inverse Problems, Inverse Methods and Computerized Inversion of Data},
	Issn = {0266-5611},
	Journal = {Inverse Problems},
	Mrclass = {35R30 (35J25)},
	Mrnumber = {1391539 (97d:35242)},
	Mrreviewer = {Elsayed Mohamed E. Zayed},
	Number = {3},
	Pages = {267--278},
	Title = {The layer potential technique for the inverse conductivity problem},
	Url = {http://dx.doi.org/10.1088/0266-5611/12/3/007},
	Volume = {12},
	Year = {1996},
	Bdsk-Url-1 = {http://www.ams.org/mathscinet-getitem?mr=1391539}}

@book{kato1976perturbation,
	Address = {Berlin},
	Author = {Kato, T.},
	Date-Added = {2013-02-06 17:54:10 +0100},
	Date-Modified = {2013-03-11 14:31:03 +0100},
	Edition = {Second},
	Mrclass = {47-XX},
	Mrnumber = {0407617 (53 \#11389)},
	Note = {Grundlehren der Mathematischen Wissenschaften, Band 132},
	Pages = {xxi+619},
	Publisher = {Springer-Verlag},
	Title = {Perturbation theory for linear operators},
	Year = {1976},
	Bdsk-Url-1 = {http://www.ams.org/mathscinet-getitem?mr=0407617}}

@article{crisoforis2004,
	Author = {Lanza de Cristoforis, M. and Rossi, L.},
	Date-Added = {2013-02-06 17:54:10 +0100},
	Date-Modified = {2013-03-11 14:31:34 +0100},
	Doi = {10.1216/jiea/1181075272},
	Fjournal = {Journal of Integral Equations and Applications},
	Issn = {0897-3962},
	Journal = {J. Integral Equations Appl.},
	Mrclass = {31B10 (47B38 47H30)},
	Mrnumber = {2100384 (2006f:31006)},
	Mrreviewer = {Dorina I. Mitrea},
	Number = {2},
	Pages = {137--174},
	Title = {Real analytic dependence of simple and double layer potentials upon perturbation of the support and of the density},
	Url = {http://dx.doi.org/10.1216/jiea/1181075272},
	Volume = {16},
	Year = {2004},
	Bdsk-Url-1 = {http://www.ams.org/mathscinet-getitem?mr=2100384}}

@article{maciver2001prey,
	Author = {MacIver, M.A. and Sharabash, N.M. and Nelson, M.E.},
	Date-Added = {2013-02-06 17:54:10 +0100},
	Date-Modified = {2013-03-11 14:45:17 +0100},
	Journal = {Journal of Experimental Biology},
	Number = {3},
	Pages = {543},
	Publisher = {Company of Biologists},
	Title = {Prey-capture behavior in gymnotid electric fish: motion analysis and effects of water conductivity},
	Volume = {204},
	Year = {2001}}

@article{migliaro2005theoretical,
	Author = {Migliaro, A. and Caputi, A.A. and Budelli, R.},
	Date-Added = {2013-02-06 17:54:10 +0100},
	Date-Modified = {2013-03-11 14:45:28 +0100},
	Journal = {PLoS computational biology},
	Number = {2},
	Pages = {e16},
	Publisher = {Public Library of Science},
	Title = {Theoretical analysis of pre-receptor image conditioning in weakly electric fish},
	Volume = {1},
	Year = {2005}}

@article{mosher1999source,
	Author = {Mosher, J.C. and Leahy, R.M.},
	Date-Added = {2013-02-06 17:54:10 +0100},
	Date-Modified = {2013-03-11 14:45:39 +0100},
	Journal = {Signal Processing, IEEE Transactions on},
	Number = {2},
	Pages = {332--340},
	Publisher = {IEEE},
	Title = {Source localization using recursively applied and projected (RAP) MUSIC},
	Volume = {47},
	Year = {1999}}

@article{nedelec1982integral,
	Author = {N{\'e}d{\'e}lec, J.-C.},
	Date-Added = {2013-02-06 17:54:10 +0100},
	Date-Modified = {2013-02-12 18:23:45 +0100},
	Journal = {Integral equations and operator theory},
	Number = {1},
	Pages = {562--572},
	Publisher = {Springer},
	Title = {Integral equations with non integrable kernels},
	Volume = {5},
	Year = {1982}}

@book{nedelec2001acoustic,
	Address = {New York},
	Author = {N{\'e}d{\'e}lec, J.-C.},
	Date-Added = {2013-02-06 17:54:10 +0100},
	Date-Modified = {2013-02-12 18:23:33 +0100},
	Isbn = {0-387-95155-5},
	Mrclass = {35-02 (35C15 35J05 35Q60 45H05 78A25)},
	Mrnumber = {1822275 (2002c:35003)},
	Mrreviewer = {Rainer Picard},
	Note = {Integral representations for harmonic problems},
	Pages = {x+316},
	Publisher = {Springer-Verlag},
	Series = {Applied Mathematical Sciences},
	Title = {Acoustic and electromagnetic equations},
	Volume = {144},
	Year = {2001},
	Bdsk-Url-1 = {http://www.ams.org/mathscinet-getitem?mr=1822275}}

@book{vanRienen2001,
	Address = {Berlin},
	Author = {van Rienen, U.},
	Date-Added = {2013-02-06 17:54:10 +0100},
	Date-Modified = {2013-03-11 14:34:15 +0100},
	Isbn = {3-540-67629-5},
	Mrclass = {78Mxx (65F05 65F10 78-02)},
	Mrnumber = {1790270 (2001m:78032)},
	Mrreviewer = {Jin Yun Yuan},
	Note = {Linear systems in practical applications},
	Pages = {xiv+375},
	Publisher = {Springer-Verlag},
	Series = {Lecture Notes in Computational Science and Engineering},
	Title = {Numerical methods in computational electrodynamics},
	Volume = {12},
	Year = {2001},
	Bdsk-Url-1 = {http://www.ams.org/mathscinet-getitem?mr=1790270}}

@article{scheich1973coding,
	Author = {Scheich, H. and Bullock, T.H. and Hamstra, R.H.},
	Date-Added = {2013-02-06 17:54:10 +0100},
	Date-Modified = {2013-03-11 14:46:43 +0100},
	Journal = {Journal of Neurophysiology},
	Number = {1},
	Pages = {39},
	Publisher = {Am Physiological Soc},
	Title = {Coding properties of two classes of afferent nerve fibers: high-frequency electroreceptors in the electric fish, Eigenmannia},
	Volume = {36},
	Year = {1973}}

@article{schmidt1986multiple,
	Author = {Schmidt, R.},
	Date-Added = {2013-02-06 17:54:10 +0100},
	Date-Modified = {2013-02-06 17:54:10 +0100},
	Journal = {Antennas and Propagation, IEEE Transactions on},
	Number = {3},
	Pages = {276--280},
	Publisher = {IEEE},
	Title = {Multiple emitter location and signal parameter estimation},
	Volume = {34},
	Year = {1986}}

@book{steinbach2008numerical,
	Author = {Steinbach, O.},
	Date-Added = {2013-02-06 17:54:10 +0100},
	Date-Modified = {2013-02-06 17:54:10 +0100},
	Publisher = {Springer Verlag},
	Title = {Numerical approximation methods for elliptic boundary value problems: finite and boundary elements},
	Year = {2008}}

@article{stoddard1999electric,
	Author = {Stoddard, P.K. and Rasnow, B. and Assad, C.},
	Date-Added = {2013-02-06 17:54:10 +0100},
	Date-Modified = {2013-03-11 14:47:00 +0100},
	Journal = {Journal of Comparative Physiology A: Neuroethology, Sensory, Neural, and Behavioral Physiology},
	Number = {6},
	Pages = {609--630},
	Publisher = {Springer},
	Title = {Electric organ discharges of the gymnotiform fishes: III. Brachyhypopomus},
	Volume = {184},
	Year = {1999}}

@book{taylor1,
	Address = {New York},
	Author = {Taylor, M.E.},
	Date-Added = {2013-02-06 17:54:10 +0100},
	Date-Modified = {2013-03-11 14:47:10 +0100},
	Isbn = {0-387-94653-5},
	Mrclass = {35-01 (46N20 47N20 58Gxx)},
	Mrnumber = {1395148 (98b:35002b)},
	Mrreviewer = {Luigi Rodino},
	Note = {Basic theory},
	Pages = {xxiv+563},
	Publisher = {Springer-Verlag},
	Series = {Applied Mathematical Sciences},
	Title = {Partial differential equations. {I}},
	Volume = {115},
	Year = {1996},
	Bdsk-Url-1 = {http://www.ams.org/mathscinet-getitem?mr=1395148}}

@article{verchota1984,
	Author = {Verchota, G.},
	Coden = {JFUAAW},
	Date-Added = {2013-02-06 17:54:10 +0100},
	Date-Modified = {2013-03-11 14:39:53 +0100},
	Doi = {10.1016/0022-1236(84)90066-1},
	Fjournal = {Journal of Functional Analysis},
	Issn = {0022-1236},
	Journal = {J. Funct. Anal.},
	Mrclass = {35J05 (31A25)},
	Mrnumber = {769382 (86e:35038)},
	Mrreviewer = {Yves Meyer},
	Number = {3},
	Pages = {572--611},
	Title = {Layer potentials and regularity for the {D}irichlet problem for {L}aplace's equation in {L}ipschitz domains},
	Url = {http://dx.doi.org/10.1016/0022-1236(84)90066-1},
	Volume = {59},
	Year = {1984},
	Bdsk-Url-1 = {http://www.ams.org/mathscinet-getitem?mr=769382}}

@inproceedings{assad1990hypercube,
	Author = {Williams, R. and Rasnow, B. and Assad, C.},
	Booktitle = {Proc. DMCC5 (Distributed Memory Computing Conference), Charleston, SC},
	Date-Added = {2013-02-06 17:54:10 +0100},
	Date-Modified = {2013-02-06 17:54:10 +0100},
	Organization = {Citeseer},
	Title = {Hypercube Simulation of Electric Fish Potentials},
	Year = {1990}}

@article{zakon1986electroreceptive,
	Author = {Zakon, H.H.},
	Date-Added = {2013-02-06 17:54:10 +0100},
	Date-Modified = {2013-03-11 14:47:25 +0100},
	Journal = {Electroreception. Wiley, New York},
	Pages = {103--156},
	Title = {The electroreceptive periphery},
	Year = {1986}}

@phdthesis{zribilayer,
	Author = {Zribi, H.},
	Date-Added = {2013-02-06 17:54:10 +0100},
	Date-Modified = {2013-02-06 17:54:10 +0100},
	School = {Ecole Polytechnique},
	Title = {{La M{\'e}thode des {\'E}quations Int{\'e}grales pour des Analyses de Sensitivit{\'e}.}},
	Year = {2005}}

@book{mallat1999wavelet,
	Author = {Mallat, S.},
	Date-Added = {2012-11-27 10:11:58 +0100},
	Date-Modified = {2012-11-27 10:11:58 +0100},
	Publisher = {Academic press},
	Title = {A wavelet tour of signal processing},
	Year = {1999}}

@inproceedings{lebastard2012underwater,
	Author = {Lebastard, V. and Boyer, F. and Chevallereau, C. and Servagent, N.},
	Booktitle = {Robotics and Automation (ICRA), 2012 IEEE International Conference on},
	Date-Added = {2012-11-27 10:06:49 +0100},
	Date-Modified = {2012-11-27 10:06:49 +0100},
	Organization = {IEEE},
	Pages = {1155--1160},
	Title = {Underwater electro-navigation in the dark},
	Year = {2012}}

@article{scholz2002towards,
	Author = {Scholz, B.},
	Date-Added = {2012-11-26 19:17:30 +0100},
	Date-Modified = {2012-11-26 19:17:30 +0100},
	Journal = {Medical Imaging, IEEE Transactions on},
	Number = {6},
	Pages = {588--595},
	Publisher = {IEEE},
	Title = {Towards virtual electrical breast biopsy: space-frequency MUSIC for trans-admittance data},
	Volume = {21},
	Year = {2002}}

@article{rasnow1996effects,
	Author = {Rasnow, B.},
	Date-Added = {2012-11-26 18:08:42 +0100},
	Date-Modified = {2012-11-26 18:08:42 +0100},
	Journal = {Journal of Comparative Physiology A: Neuroethology, Sensory, Neural, and Behavioral Physiology},
	Number = {3},
	Pages = {397--411},
	Publisher = {Springer},
	Title = {The effects of simple objects on the electric field of Apteronotus},
	Volume = {178},
	Year = {1996}}

@phdthesis{assad1997phd,
	Author = {Assad, C.},
	Date-Added = {2012-11-26 18:07:52 +0100},
	Date-Modified = {2012-11-26 18:08:28 +0100},
	School = {California Institute of Technology},
	Title = {Electric field maps and boundary element simulations of electrolocation in weakly electric fish},
	Year = {1997}}

@article{electroloc2012shape,
	Author = {Ammari, H. and Boulier, T. and Garnier, J. and Kang, H. and Wang, H.},
	Date-Added = {2012-11-23 17:00:41 +0100},
	Date-Modified = {2013-03-11 14:54:25 +0100},
	Journal = {Submitted to Proceedings of the National Academy of Sciences (USA) (arXiv:1302.6384v1)},
	Publisher = {preprint},
	Title = {Shape Identification and Classification in Active Electrolocation},
	Year = {2012}}

@article{ABGJKW2012dico,
	Author = {Ammari, H. and Boulier, T. and Garnier, J. and Jing, W. and Kang, H. and Wang, H.},
	Date-Added = {2012-11-23 16:57:21 +0100},
	Date-Modified = {2013-02-13 16:46:08 +0100},
	Journal = {Submitted to Foundations of Computational Mathematics (arXiv:1204.3035)},
	Title = {Target identification using dictionary matching of generalized polarization tensors},
	Year = {2012}}

@article{ABG2012modeling,
	Author = {Ammari, H. and Boulier, T. and Garnier, J.},
	Date-Added = {2012-11-23 16:57:21 +0100},
	Date-Modified = {2013-02-13 16:36:31 +0100},
	Journal = {SIAM Journal on Imaging Sciences},
	Number = {1},
	Pages = {285-321},
	Title = {Modeling active electrolocation in weakly electric fish},
	Volume = {6},
	Year = {2013}}

@book{moller1995electric,
	Author = {Moller, P.},
	Date-Added = {2012-11-23 16:27:27 +0100},
	Date-Modified = {2012-11-23 16:27:27 +0100},
	Publisher = {Chapman \& Hall London},
	Title = {Electric fishes: history and behavior},
	Volume = {17},
	Year = {1995}}

@article{lissmann1958mechanism,
	Author = {Lissmann, H.W. and Machin, K.E.},
	Date-Added = {2012-11-23 16:25:13 +0100},
	Date-Modified = {2013-03-11 14:45:05 +0100},
	Journal = {Journal of Experimental Biology},
	Number = {2},
	Pages = {451--486},
	Publisher = {The Company of Biologists Ltd},
	Title = {The mechanism of object location in Gymnarchus niloticus and similar fish},
	Volume = {35},
	Year = {1958}}

@article{darwin1859origins,
	Author = {Darwin, C.},
	Date-Added = {2012-11-23 16:18:50 +0100},
	Date-Modified = {2012-11-23 16:18:50 +0100},
	Journal = {London: Murray},
	Title = {On the origins of species by means of natural selection},
	Year = {1859}}

@article{lannoo1993electric,
	Author = {Lannoo, M.J. and Lannoo, S.J.},
	Date-Modified = {2013-03-11 14:44:44 +0100},
	Journal = {Environmental biology of fishes},
	Number = {2},
	Pages = {157--165},
	Publisher = {Springer},
	Title = {Why do electric fishes swim backwards? An hypothesis based on gymnotiform foraging behavior interpreted through sensory constraints},
	Volume = {36},
	Year = {1993}}

@article{toerring1979motor,
	Author = {Toerring, M.-J. and Belbenoit, P.},
	Date-Modified = {2013-03-11 14:38:31 +0100},
	Journal = {Behavioral Ecology and Sociobiology},
	Number = {4},
	Pages = {369--379},
	Publisher = {Springer},
	Title = {Motor programmes and electroreception in mormyrid fish},
	Volume = {4},
	Year = {1979}}

@article{toerring1984locomotor,
	Author = {Toerring, M.-J. and Moller, P.},
	Date-Modified = {2013-03-11 14:36:20 +0100},
	Journal = {Behavioural brain research},
	Number = {3},
	Pages = {291--306},
	Publisher = {Elsevier},
	Title = {Locomotor and electric displays associated with electrolocation during exploratory behavior in mormyrid fish},
	Volume = {12},
	Year = {1984}}

@article{bacher1983,
	Author = {Bacher, M},
	Journal = {Biological cybernetics},
	Number = {1},
	Pages = {51--58},
	Publisher = {Springer},
	Title = {A new method for the simulation of electric fields, generated by electric fish, and their distorsions by objects},
	Volume = {47},
	Year = {1983}}

@article{rasnow1996simple,
	Author = {Rasnow, B.},
	Date-Modified = {2013-03-11 14:34:10 +0100},
	Journal = {Journal of Comparative Physiology A: Neuroethology, Sensory, Neural, and Behavioral Physiology},
	Number = {3},
	Pages = {397--411},
	Publisher = {Springer},
	Title = {The effects of simple objects on the electric field of Apteronotus},
	Volume = {178},
	Year = {1996}}

@article{assad1999electric,
	Author = {Assad, C. and Rasnow, B. and Stoddard, P.K.},
	Date-Modified = {2013-03-11 14:17:14 +0100},
	Journal = {Journal of experimental biology},
	Number = {10},
	Pages = {1185--1193},
	Publisher = {The Company of Biologists Ltd},
	Title = {Electric organ discharges and electric images during electrolocation},
	Volume = {202},
	Year = {1999}}

@article{nelson-target,
	Author = {Nelson, M.E.},
	Date-Modified = {2013-03-11 14:45:52 +0100},
	Journal = {Electroreception},
	Pages = {290--317},
	Publisher = {Springer},
	Title = {Target detection, image analysis, and modeling},
	Year = {2005}}

@inproceedings{williams1990hypercube,
	Author = {Williams, R. and Rasnow, B. and Assad, C.},
	Booktitle = {Proc. DMCC5 (Distributed Memory Computing Conference), Charleston, SC. Citeseer},
	Date-Modified = {2013-03-11 14:40:57 +0100},
	Title = {Hypercube simulation of electric fish potentials},
	Year = {1990}}
